<record><leader>00000cas a22000007a 4500</leader><controlfield tag="001">14908747</controlfield><controlfield tag="008">861201d183u184upaucr ne      0    0eng  </controlfield><datafield ind1=" " ind2=" " tag="010"><subfield code="a">sn 86072146 </subfield></datafield><datafield ind1=" " ind2=" " tag="040"><subfield code="a">DLC</subfield><subfield code="b">eng</subfield><subfield code="c">DLC</subfield><subfield code="d">MGN</subfield><subfield code="d">OCL</subfield><subfield code="d">OCLCQ</subfield></datafield><datafield ind1=" " ind2=" " tag="042"><subfield code="a">msc</subfield></datafield><datafield ind1="0" ind2="0" tag="050"><subfield code="a">Newspaper 9522</subfield></datafield><datafield ind1="0" ind2="4" tag="245"><subfield code="a">The Inquirer and daily courier.</subfield></datafield><datafield ind1=" " ind2=" " tag="250"><subfield code="a">[For the country].</subfield></datafield><datafield ind1=" " ind2=" " tag="260"><subfield code="a">Philadelphia [Pa.] :</subfield><subfield code="b">J. Harding</subfield></datafield><datafield ind1=" " ind2=" " tag="300"><subfield code="a">v. :</subfield><subfield code="b">ill. (chiefly advertisements) ;</subfield><subfield code="c">69 cm.</subfield></datafield><datafield ind1=" " ind2=" " tag="310"><subfield code="a">Triweekly</subfield></datafield><datafield ind1=" " ind2=" " tag="580"><subfield code="a">Daily ed.: Pennsylvania inquirer and daily courier (Philadelphia, Pa. : 1834).</subfield></datafield><datafield ind1=" " ind2=" " tag="588"><subfield code="a">Description based on: July 23/24, 1838.</subfield></datafield><datafield ind1=" " ind2=" " tag="752"><subfield code="a">United States</subfield><subfield code="b">Pennsylvania</subfield><subfield code="c">Philadelphia</subfield><subfield code="d">Philadelphia.</subfield></datafield><datafield ind1="1" ind2=" " tag="775"><subfield code="t">Pennsylvania inquirer and daily courier (Philadelphia, Pa. : 1834)</subfield><subfield code="w">(DLC)sn 86081051</subfield></datafield><datafield ind1="0" ind2="7" tag="785"><subfield code="t">National gazette (Philadelphia, Pa. : Triweekly)</subfield><subfield code="w">(DLC)sn 87052096</subfield></datafield><datafield ind1="0" ind2="7" tag="785"><subfield code="t">Pennsylvania inquirer and national gazette, for the country</subfield><subfield code="w">(DLC)sn 86072149</subfield></datafield><datafield ind1="1" ind2=" " tag="029"><subfield code="a">AU@</subfield><subfield code="b">000020453794</subfield></datafield></record>